<marcxml:record xmlns:marcxml="http://www.loc.gov/MARC21/slim" xmlns:idx="info:lc/xq-modules/lcindex" xmlns:madsrdf="http://www.loc.gov/mads/rdf/v1#" xmlns:ri="http://id.loc.gov/ontologies/RecordInfo#" xmlns:xlink="http://www.w3.org/1999/xlink" xmlns:rdf="http://www.w3.org/1999/02/22-rdf-syntax-ns#" xmlns:mets="http://www.loc.gov/METS/" xmlns:semtriples="http://marklogic.com/semantic" xmlns:xsi="http://www.w3.org/2001/XMLSchema-instance" xmlns:streams="info:lc/streams#">
            <marcxml:leader>00815cz  a2200217n  4500</marcxml:leader>
            <marcxml:controlfield tag="001">sh91003470</marcxml:controlfield>
            <marcxml:controlfield tag="003">DLC</marcxml:controlfield>
            <marcxml:controlfield tag="005">20110604082100.0</marcxml:controlfield>
            <marcxml:controlfield tag="008">910716|| anannbabn          |a ana      </marcxml:controlfield>
            <marcxml:datafield tag="010" ind1=" " ind2=" ">
              <marcxml:subfield code="a">sh 91003470 </marcxml:subfield>
            </marcxml:datafield>
            <marcxml:datafield tag="034" ind1=" " ind2=" ">
              <marcxml:subfield code="d">E0132254</marcxml:subfield>
              <marcxml:subfield code="e">E0132254</marcxml:subfield>
              <marcxml:subfield code="f">N0420850</marcxml:subfield>
              <marcxml:subfield code="g">N0420850</marcxml:subfield>
              <marcxml:subfield code="2">geonames</marcxml:subfield>
            </marcxml:datafield>
            <marcxml:datafield tag="040" ind1=" " ind2=" ">
              <marcxml:subfield code="a">DLC</marcxml:subfield>
              <marcxml:subfield code="c">DLC</marcxml:subfield>
              <marcxml:subfield code="d">DLC</marcxml:subfield>
            </marcxml:datafield>
            <marcxml:datafield tag="151" ind1=" " ind2=" ">
              <marcxml:subfield code="a">Velino Mountain (Italy)</marcxml:subfield>
            </marcxml:datafield>
            <marcxml:datafield tag="451" ind1=" " ind2=" ">
              <marcxml:subfield code="a">Monte Velino (Italy)</marcxml:subfield>
            </marcxml:datafield>
            <marcxml:datafield tag="550" ind1=" " ind2=" ">
              <marcxml:subfield code="w">g</marcxml:subfield>
              <marcxml:subfield code="a">Mountains</marcxml:subfield>
              <marcxml:subfield code="z">Italy</marcxml:subfield>
            </marcxml:datafield>
            <marcxml:datafield tag="670" ind1=" " ind2=" ">
              <marcxml:subfield code="a">Work cat.: Club alpino italiano. Delegazione regionale abruzzese. Gruppo Velino-Sirente, 1987</marcxml:subfield>
              <marcxml:subfield code="b">(M. Velino)</marcxml:subfield>
            </marcxml:datafield>
            <marcxml:datafield tag="670" ind1=" " ind2=" ">
              <marcxml:subfield code="a">BGN, 4/18/91</marcxml:subfield>
              <marcxml:subfield code="b">(Monte Velino, mountain, 42⁰09ʹN, 13⁰23ʹE)</marcxml:subfield>
            </marcxml:datafield>
            <marcxml:datafield tag="670" ind1=" " ind2=" ">
              <marcxml:subfield code="a">Old catalog heading</marcxml:subfield>
              <marcxml:subfield code="b">(Monte Velino, Italy)</marcxml:subfield>
            </marcxml:datafield>
            <marcxml:datafield tag="670" ind1=" " ind2=" ">
              <marcxml:subfield code="a">GeoNames [algorithmically matched]</marcxml:subfield>
              <marcxml:subfield code="b">summit; 42°08ʹ50ʺN 013°22ʹ54ʺE</marcxml:subfield>
            </marcxml:datafield>
            <marcxml:datafield tag="675" ind1=" " ind2=" ">
              <marcxml:subfield code="a">Lippincott;</marcxml:subfield>
              <marcxml:subfield code="a">Web. geog.</marcxml:subfield>
            </marcxml:datafield>
            <marcxml:datafield tag="781" ind1=" " ind2="0">
              <marcxml:subfield code="z">Italy</marcxml:subfield>
              <marcxml:subfield code="z">Velino Mountain</marcxml:subfield>
            </marcxml:datafield>
          </marcxml:record>
